@article{example,
  author =       "",
  title =        "",
  journal =      "",
  year =         "",
  DOI =          ""
}
